
@inproceedings{luquette2004,
	title={Linear state-space representation of the dynamics of relative motion, based on restricted three body dynamics},
	author={Luquette, Richard J and Sanner, Robert M},
	booktitle={AIAA Guidance, Navigation, and Control Conference and Exhibit, AIAA},
	volume={4783},
	year={2004}
}


@inproceedings{lian2011,
	title={Constant thrust glideslope guidance algorithm for rendezvous in multi-body realm},
	author={Lian, Yijun and Liu, Luhua and Meng, Yunhe and Tang, Guojian and Chen, Kejun},
	booktitle={Recent Advances in Space Technologies (RAST), 2011 5th International Conference on},
	pages={232--236},
	year={2011},
	organization={IEEE}
}
