

@article{doe2005,
	Author = {Jane L. Doe and John Q. Public},
	Journal = {Nonlinear Dynamics},
	Pages = {71--92},
	Title = {The Parameterization of the Rotation Matrix using Redundant Attitude Coordinates},
	Volume = {32},
	Number = {3},
	Year = {2005}}


@book{style1959,
	Address = {New York 17, New York},
	edition = {2nd},
	Publisher = {American Institute of Physics},
	Title = {Style Manual},
	Year = {1959}}


@inproceedings{luquette2004,
	title={Linear state-space representation of the dynamics of relative motion, based on restricted three body dynamics},
	author={Luquette, R. J. and Sanner, R. M.},
	booktitle={AIAA Guidance, Navigation, and Control Conference and Exhibit, AIAA},
	volume={4783},
	year={2004}
}


@inproceedings{lian2011,
	title={Constant thrust glideslope guidance algorithm for rendezvous in multi-body realm},
	author={Lian, Yijun and Liu, Luhua and Meng, Yunhe and Tang, Guojian and Chen, Kejun},
	booktitle={Recent Advances in Space Technologies (RAST), 2011 5th International Conference on},
	pages={232--236},
	year={2011},
	organization={IEEE}
}

@article{beichman2004,
	title={Searching for life with the Terrestrial Planet Finder: Lagrange point options for a formation flying interferometer},
	author={Beichman, C. and G{\'o}mez, G. and Lo, M. and Masdemont, J. and Romans, L.},
	journal={Advances in Space Research},
	volume={34},
	number={3},
	pages={637--644},
	year={2004},
	publisher={Elsevier}
}

@article{clohessy1960,
	title={Terminal guidance system for satellite rendezvous},
	author={Clohessy, W. H. and Wiltshire, R. S.},
	journal={Journal of the Aerospace Sciences},
	year={1960}
}